@online{mzletter,
  title = "{Mark Zuckerberg's Letter to Investors: 'The Hacker Way'}",
  year = "2012",
  url = "https://www.wired.com/2012/02/zuck-letter/",
  lastaccessed = {August 28, 2020}
}

@online{graaljs,
  title = "{A high performance implementation of the JavaScript programming language. Built on the GraalVM by Oracle Labs}",
  year = "2020",
  url = "https://github.com/graalvm/graaljs",
  lastaccessed = {August 28, 2020}
}

@online{qjs,
  title = "{A small and embeddable Javascript engine by Fabrice Bellard and Charlie Gordon}",
  year = "2020",
  url = "https://bellard.org/quickjs/",
  lastaccessed = {August 28, 2020}
}

@online{xs,
  title = "{The JavaScript engine at the center of the Moddable SDK}",
  year = "2020",
  url = "https://github.com/Moddable-OpenSource/moddable",
  lastaccessed = {August 28, 2020}
}

@online{v8,
  title = "{Googleâ€™s open source high-performance JavaScript and WebAssembly engine, written in C++}",
  year = "2020",
  url = "https://v8.dev/",
  lastaccessed = {August 28, 2020}
}

@online{cicd,
  title = "{What is CI/CD? Continuous integration and continuous delivery explained}",
  year = "2020",
  url = "https://www.infoworld.com/article/3271126/what-is-cicd-continuous-integration-and-continuous-delivery-explained.html",
  lastaccessed = {August 28, 2020}
}

@online{officialSolDoc,
  author =       "Solidity",
  year =         "2019",
  title =        "Official Solidity Documentation",
  url =          "https://solidity.readthedocs.io/en/v0.5.7/",
  lastaccessed = {August 28, 2020}
}

@online{es6,
  title = "{Standard ECMA-262 6th Edition ECMAScript 2015 Language Specification.}",
  year = "2015",
  url = "https://ecma-international.org/ecma-262/6.0/",
  lastaccessed = {May 8, 2020},
}

@online{nodejs,
  title = "{Node.js - A JavaScript runtime built on Chrome's V8 JavaScript engine}",
  year = "2020",
  url = "https://nodejs.org/",
  lastaccessed = {Aug. 28, 2020},
}

@online{moddable,
  title = "{Moddable - Tools to create open IoT products using standard
                  JavaScript on low cast microcontrollers}",
  year = "2020",
  url = "https://www.moddable.com/",
  lastaccessed = {Aug. 28, 2020},
}

@online{espruino,
  title = "{Espruino - JavaScript for Microcontrollers}",
  year = "2020",
  url = "https://www.espruino.com/",
  lastaccessed = {Aug. 28, 2020},
}

@online{tessel2,
  title = "{Tessel 2 - a robust IoT and robotics development platform}",
  year = "2020",
  url = "https://tessel.io/",
  lastaccessed = {Aug. 8, 2020},
}

@inproceedings{codealchemist,
  author={Han, HyungSeok and Oh, DongHyeon and Cha, Sang Kil},
  title={$\text{CodeAlchemist}$: Semantics-Aware Code Generation to Find Vulnerabilities in JavaScript Engines.},
  booktitle={Proceedings of the Network and Distributed System Security Symposium},
  year={2019},
}

@inproceedings{csmith,
  author={Yang, Xuejun and Chen, Yang and Eide, Eric and Regehr, John},
  title={Finding and understanding bugs in C compilers},
  booktitle={Proceedings of the ACM Conference on Programming Language Design and Implementation},
  year={2011},
  pages={283--294},
}

@inproceedings{grammar-whitebox,
  author={Godefroid, Patrice and Kiezun, Adam and Levin, Michael Y},
  title={Grammar-based whitebox fuzzing},
  booktitle={Proceedings of the ACM Conference on Programming Language Design and Implementation},
  year={2008},
  pages={206--215},
}

@inproceedings{montage,
  author={Lee, Suyoung and Han, HyungSeok and Cha, Sang Kil and Son, Sooel},
  title={Montage: A Neural Network Language Model-Guided JavaScript Engine Fuzzer},
  journal={Proceedings of the USENIX Annual Technical Conference},
  year={2020},
}

@inproceedings{quickcheck,
  author={Claessen, Koen and Hughes, John},
  title={QuickCheck: a lightweight tool for random testing of Haskell programs},
  booktitle={Proceedings of ACM International Conference on Functional Programming},
  year={2000},
  pages={268--279},
}

@inproceedings{sage,
  author={Godefroid, Patrice and Levin, Michael Y and Molnar, David},
  title={Automated Whitebox Fuzz Testing},
  booktitle={Proceedings of the Network and Distributed System Security Symposium},
  year={2008},
  pages={151--166},
}

@techreport{cfg-gen,
  author={McKenzie, Bruce},
  title={Generating strings at random from a context free grammar},
  institution={Department of Computer Science, University of Canterbury},
  number={TR-COSC 10/97},
  year={1997},
}

@inproceedings{ir-diff-test,
  author={Kim, Soomin and Faerevaag, Markus and Jung, Minkyu and Jung, Seungll and Oh, DongYeop and Lee, JongHyup and Cha, Sang Kil},
  title={Testing intermediate representations for binary analysis},
  booktitle={Proceedings of ACM International Conference on Automated Software Engineering},
  year={2017},
  pages={353--364},
}

@inproceedings{nezha,
  author={Petsios, Theofilos and Tang, Adrian and Stolfo, Salvatore and Keromytis, Angelos D and Jana, Suman},
  title={Nezha: Efficient domain-independent differential testing},
  booktitle={Proceedings of IEEE Symposium on Security and Privacy},
  year={2017},
  pages={615--632},
}

@inproceedings{js-hopl,
  author={Wirfs-Brock, Allen and Eich, Brendan},
  title={JavaScript: the first 20 years},
  booktitle={Proceedings of the ACM on Programming Languages},
  year={2020},
  volume={4},
  pages={1--189},
}

@inproceedings{jiset,
  author={Park, Jihyeok and Park, Jihee and An, Seungmin and Ryu, Sukyoung},
  title={$\jiset$: JavaScript IR-based Semantics Extraction Toolchain},
  booktitle={Proceedings of ACM International Conference on Automated Software Engineering},
  year={2020},
}

@inproceedings{solidity-gap,
  author={Hwang, Sungjae and Ryu, Sukyoung},
  title={Gap between Theory and Practice: An Empirical Study of Security Patches in Solidity},
  booktitle={Proceedings of the ACM/IEEE International Conference on Software Engineering},
  year={2020},
}

@article{diff-test,
  title={Differential testing for software},
  author={McKeeman, William M},
  journal={Digital Technical Journal},
  volume={10},
  number={1},
  pages={100--107},
  year={1998}
}

@inproceedings{diff-jvm,
  title={Coverage-directed differential testing of JVM implementations},
  author={Chen, Yuting and Su, Ting and Sun, Chengnian and Su, Zhendong and Zhao, Jianjun},
  booktitle={proceedings of the 37th ACM SIGPLAN Conference on Programming Language Design and Implementation},
  pages={85--99},
  year={2016}
}

@inproceedings{diff-ssl,
  title={Guided differential testing of certificate validation in SSL/TLS implementations},
  author={Chen, Yuting and Su, Zhendong},
  booktitle={Proceedings of the 2015 10th Joint Meeting on Foundations of Software Engineering},
  pages={793--804},
  year={2015}
}

@inproceedings{diff-ssl2,
  title={The most dangerous code in the world: validating SSL certificates in non-browser software},
  author={Georgiev, Martin and Iyengar, Subodh and Jana, Suman and Anubhai, Rishita and Boneh, Dan and Shmatikov, Vitaly},
  booktitle={Proceedings of the 2012 ACM conference on Computer and communications security},
  pages={38--49},
  year={2012}
}

@inproceedings{diff-web,
  title={Automated black-box detection of side-channel vulnerabilities in web applications},
  author={Chapman, Peter and Evans, David},
  booktitle={Proceedings of the 18th ACM conference on Computer and communications security},
  pages={263--274},
  year={2011}
}

@inproceedings{superion,
  title={Superion: Grammar-aware greybox fuzzing},
  author={Wang, Junjie and Chen, Bihuan and Wei, Lei and Liu, Yang},
  booktitle={2019 IEEE/ACM 41st International Conference on Software Engineering (ICSE)},
  pages={724--735},
  year={2019},
  organization={IEEE}
}

@inproceedings{die,
  title={Fuzzing JavaScript Engines with Aspect-preserving Mutation},
  author={Park, Soyeon and Xu, Wen and Yun, Insu and Jang, Daehee and Kim, Taesoo},
  booktitle={2020 IEEE Symposium on Security and Privacy (SP)},
  pages={1629--1642},
  year={2020},
  organization={IEEE}
}

@inproceedings{mutate-fuzzing,
  title={Program-adaptive mutational fuzzing},
  author={Cha, Sang Kil and Woo, Maverick and Brumley, David},
  booktitle={2015 IEEE Symposium on Security and Privacy},
  pages={725--741},
  year={2015},
  organization={IEEE}
}

@inproceedings{mutate-fuzzing2,
  title={Optimizing seed selection for fuzzing},
  author={Rebert, Alexandre and Cha, Sang Kil and Avgerinos, Thanassis and Foote, Jonathan and Warren, David and Grieco, Gustavo and Brumley, David},
  booktitle={23rd $\{$USENIX$\}$ Security Symposium ($\{$USENIX$\}$ Security 14)},
  pages={861--875},
  year={2014}
}

@inproceedings{mutate-fuzzing3,
  title={Scheduling black-box mutational fuzzing},
  author={Woo, Maverick and Cha, Sang Kil and Gottlieb, Samantha and Brumley, David},
  booktitle={Proceedings of the 2013 ACM SIGSAC conference on Computer \& communications security},
  pages={511--522},
  year={2013}
}

@inproceedings{imf,
  title={Imf: Inferred model-based fuzzer},
  author={Han, HyungSeok and Cha, Sang Kil},
  booktitle={Proceedings of the 2017 ACM SIGSAC Conference on Computer and Communications Security},
  pages={2345--2358},
  year={2017}
}

@inproceedings{gen-fuzzing,
  title={Fuzzing with code fragments},
  author={Holler, Christian and Herzig, Kim and Zeller, Andreas},
  booktitle={Presented as part of the 21st $\{$USENIX$\}$ Security Symposium ($\{$USENIX$\}$ Security 12)},
  pages={445--458},
  year={2012}
}

@article{sbfl-survey,
  title={A survey on software fault localization},
  author={Wong, W Eric and Gao, Ruizhi and Li, Yihao and Abreu, Rui and Wotawa, Franz},
  journal={IEEE Transactions on Software Engineering},
  volume={42},
  number={8},
  pages={707--740},
  year={2016},
  publisher={IEEE}
}

@inproceedings{tarantula,
  title={Visualization of test information to assist fault localization},
  author={Jones, James A and Harrold, Mary Jean and Stasko, John},
  booktitle={Proceedings of the 24th International Conference on Software Engineering. ICSE 2002},
  pages={467--477},
  year={2002},
  organization={IEEE}
}

@inproceedings{tarantula2,
  title={Visualization for fault localization},
  author={Jones, James A and Harrold, Mary Jean and Stasko, John T},
  booktitle={in Proceedings of ICSE 2001 Workshop on Software Visualization},
  year={2001},
  organization={Citeseer}
}

@inproceedings{ample,
  title={Lightweight bug localization with AMPLE},
  author={Dallmeier, Valentin and Lindig, Christian and Zeller, Andreas},
  booktitle={Proceedings of the sixth international symposium on Automated analysis-driven debugging},
  pages={99--104},
  year={2005}
}

@inproceedings{zoltar,
  title={Zoltar: A toolset for automatic fault localization},
  author={Janssen, Tom and Abreu, Rui and van Gemund, Arjan JC},
  booktitle={2009 IEEE/ACM International Conference on Automated Software Engineering},
  pages={662--664},
  year={2009},
  organization={IEEE}
}

@article{sbfl-model,
  title={A model for spectra-based software diagnosis},
  author={Naish, Lee and Lee, Hua Jie and Ramamohanarao, Kotagiri},
  journal={ACM Transactions on software engineering and methodology (TOSEM)},
  volume={20},
  number={3},
  pages={1--32},
  year={2011},
  publisher={ACM New York, NY, USA}
}

@inproceedings{effect-sbfl,
  title={Effective fault localization using code coverage},
  author={Wong, W Eric and Qi, Yu and Zhao, Lei and Cai, Kai-Yuan},
  booktitle={31st Annual International Computer Software and Applications Conference (COMPSAC 2007)},
  volume={1},
  pages={449--456},
  year={2007},
  organization={IEEE}
}

@inproceedings{fluccs,
  title={Fluccs: Using code and change metrics to improve fault localization},
  author={Sohn, Jeongju and Yoo, Shin},
  booktitle={Proceedings of the 26th ACM SIGSOFT International Symposium on Software Testing and Analysis},
  pages={273--283},
  year={2017},
  organization={ACM}
}

@article{extract-x86,
  title={Automatic extraction of x86 formal semantics from its natural language description},
  author={Nguyen, HLY},
  journal={Information Science},
  year={2018}
}

@inproceedings{extract-arm,
  title={Formal semantics extraction from natural language specifications for ARM},
  author={Vu, Anh V and Ogawa, Mizuhito},
  booktitle={International Symposium on Formal Methods},
  pages={465--483},
  year={2019},
  organization={Springer}
}

@article{er1b,
  title={A theoretical analysis of the risk evaluation formulas for spectrum-based fault localization},
  author={Xie, Xiaoyuan and Chen, Tsong Yueh and Kuo, Fei-Ching and Xu, Baowen},
  journal={ACM Transactions on Software Engineering and Methodology (TOSEM)},
  volume={22},
  number={4},
  pages={1--40},
  year={2013},
  publisher={ACM New York, NY, USA}
}
